@article{Garat,
author = "Michel Goossens and Frank Mittlebach and Alexander Samarin",
title = "Our solution to handle multiple screen sizes in Android - Part one",
journal = "Gemserk blog",
year = "1993",
publisher = "Gemserk"
}

@book{goossens93,
author = "Michel Goossens and Frank Mittlebach and Alexander
Samarin",
title = "The Latex Companion",
year = "1993",
publisher = "Addison-Wesley",
address = "Reading, Massachusetts"
}
